<?xml version="1.0" encoding="UTF-8"?><collection xmlns="http://www.loc.gov/MARC21/slim"><record><leader>00626nam--2200205-u-4500</leader><controlfield tag="001">000053396</controlfield><controlfield tag="002">20161230</controlfield><controlfield tag="005">20161230201051</controlfield><controlfield tag="008">110324s1000------------r-----000-0-eng-d</controlfield><datafield ind1=" " ind2=" " tag="020"><subfield code="a">0821826441</subfield></datafield><datafield ind1=" " ind2=" " tag="040"><subfield code="a">IFIN-HH</subfield></datafield><datafield ind1=" " ind2=" " tag="080"><subfield code="a">539.12:514.764.22</subfield></datafield><datafield ind1="1" ind2=" " tag="100"><subfield code="a">Jost, Jurgen</subfield></datafield><datafield ind1="1" ind2="0" tag="245"><subfield code="a">Bosonic strings: a mathematical treatment</subfield><subfield code="c">Jurgen jost</subfield></datafield><datafield ind1=" " ind2=" " tag="260"><subfield code="a">Providence, Rhode Island</subfield><subfield code="b">American Mathematical Society</subfield><subfield code="c">2001</subfield></datafield><datafield ind1=" " ind2=" " tag="300"><subfield code="a">95P</subfield></datafield><datafield ind1=" " ind2=" " tag="490"><subfield code="a">Ams/Ip Studies In Advances Mathematics; S.-t. Yau, Series Editor</subfield><subfield code="v">Vol. 21</subfield></datafield><datafield ind1=" " ind2="4" tag="650"><subfield code="a">Superstring Theories</subfield></datafield><datafield ind1=" " ind2=" " tag="852"><subfield code="a">81776</subfield><subfield code="c">530.1</subfield></datafield><datafield ind1=" " ind2=" " tag="CAT"><subfield code="a">Sys</subfield><subfield code="c">20110324</subfield><subfield code="h">095751</subfield></datafield></record></collection>